<?xml version="1.0" encoding="UTF-8"?>
<MeridianMessage MessageType="ISO20022_MPMPayment" Timestamp="2018-05-04 18:48:07.462" MessageFormat="StandardXML" System="ISO20022">
	<MessageID>21660</MessageID>
	<CustomerID>1</CustomerID>
	<MeridianMessageType>ISO20022_MPMPayment</MeridianMessageType>
	<ExternalMessageType>MPMPayment</ExternalMessageType>
	<InternalMessageType>P</InternalMessageType>
	<HostID>MPM</HostID>
	<HostReference>Instr-SUP001-0</HostReference>
	<TRNO>TxId-SUP001-0</TRNO>
	<Direction>I</Direction>
	<TransactionReference>IncomingCT-SUP001</TransactionReference>
	<Queue>Posting</Queue>
	<MessageStatus>U</MessageStatus>
	<SystemArrivalTime>2018/05/04 18:48:04</SystemArrivalTime>
	<ValueDate>20180504</ValueDate>
	<CurrencyCode>EUR</CurrencyCode>
	<Amount>100</Amount>
	<Network>STEP2</Network>
	<SenderAddress>CCRIES2A029</SenderAddress>
	<DestinationAddress>CCRIES2A029</DestinationAddress>
	<BatchFileID>4651</BatchFileID>
	<PaymentPriority>9999</PaymentPriority>
	<BookingAction>Generate Posting</BookingAction>
	<TransactionID>TxId-SUP001-0</TransactionID>
	<BatchMsgID>IncomingCT-SUP001</BatchMsgID>
	<PostingMethod>Dual Leg</PostingMethod>
	<urn:Document xmlns:urn="urn:iso:std:iso:20022:tech:xsd:pacs.008.001.01MPM">
		<urn:pacs.008.001.01>
			<urn:GrpHdr>
				<urn:MsgId>IncomingCT-SUP001</urn:MsgId>
				<urn:CreDtTm>2018-05-04T15:41:10</urn:CreDtTm>
				<urn:NbOfTxs>1</urn:NbOfTxs>
				<urn:TtlIntrBkSttlmAmt Ccy="EUR">1.0</urn:TtlIntrBkSttlmAmt>
				<urn:IntrBkSttlmDt>2018-05-04</urn:IntrBkSttlmDt>
				<urn:SttlmInf>
					<urn:SttlmMtd>CLRG</urn:SttlmMtd>
					<urn:ClrSys>
						<urn:Prtry>ST2</urn:Prtry>
					</urn:ClrSys>
				</urn:SttlmInf>
				<urn:InstdAgt>
					<urn:FinInstnId>
						<urn:BIC>CCRIES2A029</urn:BIC>
					</urn:FinInstnId>
				</urn:InstdAgt>
			</urn:GrpHdr>
			<urn:CdtTrfTxInf>
				<urn:PmtId>
					<urn:InstrId>Instr-SUP001-0</urn:InstrId>
					<urn:EndToEndId>End-SUP001-0</urn:EndToEndId>
					<urn:TxId>TxId-SUP001-0</urn:TxId>
				</urn:PmtId>
				<urn:PmtTpInf>
					<urn:SvcLvl>
						<urn:Cd>SEPA</urn:Cd>
					</urn:SvcLvl>
				</urn:PmtTpInf>
				<urn:IntrBkSttlmAmt Ccy="EUR">1.0</urn:IntrBkSttlmAmt>
				<urn:ChrgBr>SLEV</urn:ChrgBr>
				<urn:InstgAgt>
					<urn:FinInstnId>
						<urn:BIC>LIKIGB2L</urn:BIC>
					</urn:FinInstnId>
				</urn:InstgAgt>
				<urn:Dbtr>
					<urn:Nm>Arbind</urn:Nm>
					<urn:PstlAdr>
						<urn:AdrLine>Indirizzo 1 Dbtr</urn:AdrLine>
						<urn:AdrLine>Indirizzo 2 Dbtr</urn:AdrLine>
						<urn:Ctry>NL</urn:Ctry>
					</urn:PstlAdr>
					<urn:Id>
						<urn:OrgId>
							<urn:BIC>AAAAAAAAAAA</urn:BIC>
						</urn:OrgId>
					</urn:Id>
				</urn:Dbtr>
				<urn:DbtrAcct>
					<urn:Id>
						<urn:IBAN>NL39RABO0300065264</urn:IBAN>
					</urn:Id>
				</urn:DbtrAcct>
				<urn:DbtrAgt>
					<urn:FinInstnId>
						<urn:BIC>CCRIES2A029</urn:BIC>
					</urn:FinInstnId>
				</urn:DbtrAgt>
				<urn:CdtrAgt>
					<urn:FinInstnId>
						<urn:BIC>CCRIES2A029</urn:BIC>
					</urn:FinInstnId>
				</urn:CdtrAgt>
				<urn:Cdtr>
					<urn:Nm>Supreeth</urn:Nm>
					<urn:PstlAdr>
						<urn:AdrLine>indirizzo 1 Cdtr</urn:AdrLine>
						<urn:AdrLine>indirizzo 2 Cdtr</urn:AdrLine>
						<urn:Ctry>PT</urn:Ctry>
					</urn:PstlAdr>
					<urn:Id>
						<urn:OrgId>
							<urn:BIC>AAAAAAAAAAA</urn:BIC>
						</urn:OrgId>
					</urn:Id>
				</urn:Cdtr>
				<urn:CdtrAcct>
					<urn:Id>
						<urn:IBAN>PT50019300001050009250634</urn:IBAN>
					</urn:Id>
				</urn:CdtrAcct>
				<urn:RmtInf>
					<urn:Ustrd>String</urn:Ustrd>
				</urn:RmtInf>
				<urn:MPMEvnt>
					<urn:name>BFUB_CT_RECV</urn:name>
					<urn:description>Credit Transfer is received.</urn:description>
					<urn:source>SYSTEM</urn:source>
				</urn:MPMEvnt>
			</urn:CdtTrfTxInf>
		</urn:pacs.008.001.01>
	</urn:Document>
</MeridianMessage>