<?xml version="1.0" encoding="UTF-8"?>
<MeridianMessage MessageType="ISO20022_MPMDebit" Timestamp="2018-06-01 10:27:07.276" MessageFormat="StandardXML" System="ISO20022">
	<MessageID>14745</MessageID>
	<CustomerID>1</CustomerID>
	<MeridianMessageType>ISO20022_MPMDebit</MeridianMessageType>
	<ExternalMessageType>MPMDebit</ExternalMessageType>
	<InternalMessageType>P</InternalMessageType>
	<HostID>MPM</HostID>
	<TRNO>S20180426608302231TPT1PT06765938702</TRNO>
	<Direction>I</Direction>
	<TransactionReference>S201804260001998000000000000000001</TransactionReference>
	<Queue>WarehouseInCSM</Queue>
	<MessageStatus>S</MessageStatus>
	<SystemArrivalTime>2018/04/26 10:26:01</SystemArrivalTime>
	<ValueDate>20180426</ValueDate>
	<CurrencyCode>EUR</CurrencyCode>
	<Amount>100001</Amount>
	<Network>STEP2</Network>
	<SenderAddress>DEUTPTPLXXX</SenderAddress>
	<DestinationAddress>CTTVPTPL</DestinationAddress>
	<PaymentBeneficiary>PT50004300010321383120172</PaymentBeneficiary>
	<BatchFileID>49802</BatchFileID>
	<PaymentPriority>9999</PaymentPriority>
	<BookingAction>Generate Posting</BookingAction>
	<TransactionID>S20180426608302231TPT1PT06765938702</TransactionID>
	<FeedbackTransactionID>14745-RSF</FeedbackTransactionID>
	<BatchMsgID>S201804260001998000000000000000001</BatchMsgID>
	<CSMStatus>ACSC</CSMStatus>
	<PostingMethod>Dual Leg</PostingMethod>
	<LocalInstrumentType>CORE</LocalInstrumentType>
	<urn:Document xmlns:urn="urn:iso:std:iso:20022:tech:xsd:pacs.003.001.01MPM">
		<urn:pacs.003.001.01>
			<urn:GrpHdr>
				<urn:MsgId>S201804260001998000000000000000001</urn:MsgId>
				<urn:CreDtTm>2016-05-19T15:24:25</urn:CreDtTm>
				<urn:NbOfTxs>1</urn:NbOfTxs>
				<urn:TtlIntrBkSttlmAmt Ccy="EUR">1.00</urn:TtlIntrBkSttlmAmt>
				<urn:IntrBkSttlmDt>2018-06-01</urn:IntrBkSttlmDt>
				<urn:SttlmInf>
					<urn:SttlmMtd>CLRG</urn:SttlmMtd>
					<urn:ClrSys>
						<urn:Prtry>SBS</urn:Prtry>
					</urn:ClrSys>
				</urn:SttlmInf>
				<urn:InstdAgt>
					<urn:FinInstnId>
						<urn:BIC>CTTVPTP0XXX</urn:BIC>
					</urn:FinInstnId>
				</urn:InstdAgt>
			</urn:GrpHdr>
			<urn:DrctDbtTxInf>
				<urn:PmtId>
					<urn:EndToEndId>S20180426002</urn:EndToEndId>
					<urn:TxId>S20180426608302231TPT1PT06765938702</urn:TxId>
				</urn:PmtId>
				<urn:PmtTpInf>
					<urn:SvcLvl>
						<urn:Cd>SEPA</urn:Cd>
					</urn:SvcLvl>
					<urn:LclInstrm>
						<urn:Cd>CORE</urn:Cd>
					</urn:LclInstrm>
					<urn:SeqTp>FRST</urn:SeqTp>
				</urn:PmtTpInf>
				<urn:IntrBkSttlmAmt Ccy="EUR">1.00</urn:IntrBkSttlmAmt>
				<urn:ChrgBr>SLEV</urn:ChrgBr>
				<urn:ReqdColltnDt>2016-05-24</urn:ReqdColltnDt>
				<urn:DrctDbtTx>
					<urn:MndtRltdInf>
						<urn:MndtId>S2018042648102</urn:MndtId>
						<urn:DtOfSgntr>2016-04-23</urn:DtOfSgntr>
						<urn:AmdmntInd>false</urn:AmdmntInd>
					</urn:MndtRltdInf>
					<urn:CdtrSchmeId>
						<urn:Id>
							<urn:PrvtId>
								<urn:Othr>
									<urn:Id>S201804261602</urn:Id>
									<urn:SchmeNm>
										<urn:Prtry>SEPA</urn:Prtry>
									</urn:SchmeNm>
								</urn:Othr>
							</urn:PrvtId>
						</urn:Id>
					</urn:CdtrSchmeId>
				</urn:DrctDbtTx>
				<urn:Cdtr>
					<urn:Nm>EDP</urn:Nm>
					<urn:PstlAdr>
						<urn:AdrLine>PRC MARQUES POMBAL 12</urn:AdrLine>
						<urn:AdrLine>Portugal</urn:AdrLine>
						<urn:Ctry>PT</urn:Ctry>
					</urn:PstlAdr>
				</urn:Cdtr>
				<urn:CdtrAcct>
					<urn:Id>
						<urn:IBAN>PT50004300010321383120172</urn:IBAN>
					</urn:Id>
				</urn:CdtrAcct>
				<urn:CdtrAgt>
					<urn:FinInstnId>
						<urn:BIC>DEUTPTPLXXX</urn:BIC>
					</urn:FinInstnId>
				</urn:CdtrAgt>
				<urn:UltmtCdtr>
					<urn:Nm>EDP Comercial S.A.</urn:Nm>
				</urn:UltmtCdtr>
				<urn:InstgAgt>
					<urn:FinInstnId>
						<urn:BIC>DEUTDEFF</urn:BIC>
					</urn:FinInstnId>
				</urn:InstgAgt>
				<urn:Dbtr>
					<urn:Nm>JOAO PEDRO CATAPIRRA RAMOS</urn:Nm>
					<urn:PstlAdr>
						<urn:AdrLine>ESTR PARQ IND COIMBROES</urn:AdrLine>
						<urn:AdrLine>3500-887 VISEU-CUMIEIRA</urn:AdrLine>
						<urn:Ctry>PT</urn:Ctry>
					</urn:PstlAdr>
				</urn:Dbtr>
				<urn:DbtrAcct>
					<urn:Id>
						<urn:IBAN>PT50019300001050009250634</urn:IBAN>
					</urn:Id>
				</urn:DbtrAcct>
				<urn:DbtrAgt>
					<urn:FinInstnId>
						<urn:BIC>CTTVPTPL</urn:BIC>
					</urn:FinInstnId>
				</urn:DbtrAgt>
				<urn:Purp>
					<urn:Cd>OTHR</urn:Cd>
				</urn:Purp>
				<urn:RmtInf>
					<urn:Ustrd>NOTPROVIDED</urn:Ustrd>
				</urn:RmtInf>
				<urn:UsrDfndFlds>
					<urn:UsrDfndFld>
						<urn:name>PseudoMessageType</urn:name>
						<urn:value>SettlementConfirmed</urn:value>
					</urn:UsrDfndFld>
				</urn:UsrDfndFlds>
				<urn:MPMEvnt>
					<urn:name>DIRECT_DEBIT_RECEIVED</urn:name>
					<urn:description>Direct Debit is received.</urn:description>
					<urn:source>SYSTEM</urn:source>
				</urn:MPMEvnt>
			</urn:DrctDbtTxInf>
		</urn:pacs.003.001.01>
	</urn:Document>
</MeridianMessage>