<?xml version="1.0" encoding="UTF-8"?>
<S2SCTScf:SCTScfBlkCredTrf xmlns:S2SCTScf="urn:S2SCTScf:xsd:$SCTScfBlkCredTrf" xmlns:sw4="urn:iso:std:iso:20022:tech:xsd:pacs.004.001.02" xmlns:sw6="urn:iso:std:iso:20022:tech:xsd:camt.056.001.01" xmlns:sw8="urn:iso:std:iso:20022:tech:xsd:pacs.008.001.02" xmlns:sw9="urn:iso:std:iso:20022:tech:xsd:camt.029.001.03" xmlns:sw28="urn:iso:std:iso:20022:tech:xsd:pacs.028.001.01">
	<S2SCTScf:SndgInst>{SIBSBIC}</S2SCTScf:SndgInst>
	<S2SCTScf:RcvgInst>{CTTBIC}</S2SCTScf:RcvgInst>
	<S2SCTScf:SrvcId>SCT</S2SCTScf:SrvcId>
	<S2SCTScf:TstCode>T</S2SCTScf:TstCode>
	<S2SCTScf:FType>SCF</S2SCTScf:FType>
	<S2SCTScf:FileRef>S{UniqueID}</S2SCTScf:FileRef>
	<S2SCTScf:ClrSys>SBS</S2SCTScf:ClrSys>
	<S2SCTScf:RoutingInd>ALL</S2SCTScf:RoutingInd>
	<S2SCTScf:FileBusDt>{Date}</S2SCTScf:FileBusDt>
	<S2SCTScf:FileCycleNo>03</S2SCTScf:FileCycleNo>
	<S2SCTScf:FIToFICstmrCdtTrf>
		<sw8:GrpHdr>
			<sw8:MsgId>{CTTBIC}-{UniqueID}</sw8:MsgId>
			<sw8:CreDtTm>{Date}T10:47:34</sw8:CreDtTm>
			<sw8:NbOfTxs>1</sw8:NbOfTxs>
			<sw8:TtlIntrBkSttlmAmt Ccy="EUR">1000.00</sw8:TtlIntrBkSttlmAmt>
			<sw8:IntrBkSttlmDt>{Date}</sw8:IntrBkSttlmDt>
			<sw8:SttlmInf>
				<sw8:SttlmMtd>CLRG</sw8:SttlmMtd>
				<sw8:ClrSys>
					<sw8:Prtry>SBS</sw8:Prtry>
				</sw8:ClrSys>
			</sw8:SttlmInf>
			<sw8:InstdAgt>
				<sw8:FinInstnId>
					<sw8:BIC>{CTTBIC}</sw8:BIC>
				</sw8:FinInstnId>
			</sw8:InstdAgt>
		</sw8:GrpHdr>
		<sw8:CdtTrfTxInf>
			<sw8:PmtId>
				<sw8:InstrId>InstrId-{UniqueID}</sw8:InstrId>
				<sw8:EndToEndId>NOTPROVIDED</sw8:EndToEndId>
				<sw8:TxId>TxId-{UniqueID}</sw8:TxId>
			</sw8:PmtId>
			<sw8:PmtTpInf>
				<sw8:SvcLvl>
					<sw8:Cd>SEPA</sw8:Cd>
				</sw8:SvcLvl>
				<sw8:CtgyPurp>
					<sw8:Cd>SALA</sw8:Cd>
				</sw8:CtgyPurp>
			</sw8:PmtTpInf>
			<sw8:IntrBkSttlmAmt Ccy="EUR">1000.00</sw8:IntrBkSttlmAmt>
			<sw8:ChrgBr>SLEV</sw8:ChrgBr>
			<sw8:InstgAgt>
				<sw8:FinInstnId>
					<sw8:BIC>{TPTBIC}</sw8:BIC>
				</sw8:FinInstnId>
			</sw8:InstgAgt>
			<sw8:Dbtr>
				<sw8:Nm>ENG POLICARPO DESTEMIDO</sw8:Nm>
			</sw8:Dbtr>
			<sw8:DbtrAcct>
				<sw8:Id>
					<sw8:IBAN>PT50003300000000000471525</sw8:IBAN>
				</sw8:Id>
			</sw8:DbtrAcct>
			<sw8:DbtrAgt>
				<sw8:FinInstnId>
					<sw8:BIC>{TPTBIC}</sw8:BIC>
				</sw8:FinInstnId>
			</sw8:DbtrAgt>
			<sw8:CdtrAgt>
				<sw8:FinInstnId>
					<sw8:BIC>{CTTBIC}</sw8:BIC>
				</sw8:FinInstnId>
			</sw8:CdtrAgt>
			<sw8:Cdtr>
				<sw8:Nm>EEE</sw8:Nm>
			</sw8:Cdtr>
			<sw8:CdtrAcct>
				<sw8:Id>
					<sw8:IBAN>{CdtrIBAN}</sw8:IBAN>
				</sw8:Id>
			</sw8:CdtrAcct>
			<sw8:RmtInf>
				<sw8:Ustrd>TESTE</sw8:Ustrd>
			</sw8:RmtInf>
		</sw8:CdtTrfTxInf>
	</S2SCTScf:FIToFICstmrCdtTrf>
</S2SCTScf:SCTScfBlkCredTrf>