<?xml version="1.0" encoding="UTF-8"?>
<MeridianMessage MessageType="ISO20022_MPMDebit" Timestamp="{0} {1}.336" MessageFormat="StandardXML" System="ISO20022">
	<MessageID>40{4}</MessageID>
	<CustomerID>1</CustomerID>
	<MeridianMessageType>ISO20022_MPMDebit</MeridianMessageType>
	<ExternalMessageType>MPMDebit</ExternalMessageType>
	<InternalMessageType>P</InternalMessageType>
	<HostID>MPM</HostID>
	<TRNO>Tx-InDD-{4}-{5}</TRNO>
	<Direction>I</Direction>
	<TransactionReference>GrpHdr-{4}-hdr</TransactionReference>
	<Queue>WarehouseInCSM</Queue>
	<MessageStatus>S</MessageStatus>
	<SystemArrivalTime>{2} {1}</SystemArrivalTime>
	<ValueDate>{3}</ValueDate>
	<CurrencyCode>EUR</CurrencyCode>
	<Amount>100</Amount>
	<Network>STEP2</Network>
	<SenderAddress>STALNL2GXXX</SenderAddress>
	<DestinationAddress>TRIONL2U</DestinationAddress>
	<PaymentBeneficiary>PT50019300001050000324890</PaymentBeneficiary>
	<BatchFileID>4554</BatchFileID>
	<PaymentPriority>9999</PaymentPriority>
	<BookingAction>Generate Posting</BookingAction>
	<TransactionID>Tx-InDD-{4}-{5}</TransactionID>
	<FeedbackTransactionID>20632-RSF</FeedbackTransactionID>
	<BatchMsgID>GrpHdr-{4}-hdr</BatchMsgID>
	<CSMStatus>ACSC</CSMStatus>
	<PostingMethod>Dual Leg</PostingMethod>
	<LocalInstrumentType>CORE</LocalInstrumentType>
	<urn:Document xmlns:urn="urn:iso:std:iso:20022:tech:xsd:pacs.003.001.01MPM">
		<urn:pacs.003.001.01>
			<urn:GrpHdr>
				<urn:MsgId>GrpHdr-{4}-hdr</urn:MsgId>
				<urn:CreDtTm>{0}T{1}</urn:CreDtTm>
				<urn:NbOfTxs>1</urn:NbOfTxs>
				<urn:TtlIntrBkSttlmAmt Ccy="EUR">1.0</urn:TtlIntrBkSttlmAmt>
				<urn:IntrBkSttlmDt>{0}</urn:IntrBkSttlmDt>
				<urn:SttlmInf>
					<urn:SttlmMtd>CLRG</urn:SttlmMtd>
					<urn:ClrSys>
						<urn:Prtry>STEP2</urn:Prtry>
					</urn:ClrSys>
				</urn:SttlmInf>
				<urn:InstdAgt>
					<urn:FinInstnId>
						<urn:BIC>SOGENL2A</urn:BIC>
					</urn:FinInstnId>
				</urn:InstdAgt>
			</urn:GrpHdr>
			<urn:DrctDbtTxInf>
				<urn:PmtId>
					<urn:EndToEndId>E2E-InDD-{4}-{5}</urn:EndToEndId>
					<urn:TxId>Tx-InDD-{4}-{5}</urn:TxId>
				</urn:PmtId>
				<urn:PmtTpInf>
					<urn:SvcLvl>
						<urn:Cd>SEPA</urn:Cd>
					</urn:SvcLvl>
					<urn:LclInstrm>
						<urn:Cd>CORE</urn:Cd>
					</urn:LclInstrm>
					<urn:SeqTp>OOFF</urn:SeqTp>
					<urn:CdOrPrtry>
						<urn:Cd>CORT</urn:Cd>
					</urn:CdOrPrtry>
				</urn:PmtTpInf>
				<urn:IntrBkSttlmAmt Ccy="EUR">1.0</urn:IntrBkSttlmAmt>
				<urn:ChrgBr>SLEV</urn:ChrgBr>
				<urn:ReqdColltnDt>2018-05-02</urn:ReqdColltnDt>
				<urn:DrctDbtTx>
					<urn:MndtRltdInf>
						<urn:MndtId>MndtId-1472212213-0</urn:MndtId>
						<urn:DtOfSgntr>2018-05-02</urn:DtOfSgntr>
						<urn:AmdmntInd>false</urn:AmdmntInd>
					</urn:MndtRltdInf>
					<urn:CdtrSchmeId>
						<urn:Id>
							<urn:PrvtId>
								<urn:Othr>
									<urn:Id>SE97ZZZ1234567890</urn:Id>
									<urn:SchmeNm>
										<urn:Prtry>SEPA</urn:Prtry>
									</urn:SchmeNm>
								</urn:Othr>
							</urn:PrvtId>
						</urn:Id>
					</urn:CdtrSchmeId>
				</urn:DrctDbtTx>
				<urn:Cdtr>
					<urn:Nm>CreditorName</urn:Nm>
					<urn:PstlAdr>
						<urn:AdrLine>Creditor Postal Address Line 1</urn:AdrLine>
						<urn:AdrLine>Creditor Postal Address Line 2</urn:AdrLine>
						<urn:Ctry>GB</urn:Ctry>
					</urn:PstlAdr>
				</urn:Cdtr>
				<urn:CdtrAcct>
					<urn:Id>
						<urn:IBAN>{6}</urn:IBAN>
					</urn:Id>
				</urn:CdtrAcct>
				<urn:CdtrAgt>
					<urn:FinInstnId>
						<urn:BIC>STALNL2GXXX</urn:BIC>
					</urn:FinInstnId>
				</urn:CdtrAgt>
				<urn:Dbtr>
					<urn:Nm>DebtorName</urn:Nm>
					<urn:PstlAdr>
						<urn:AdrLine>Debtor Postal Address Line 1</urn:AdrLine>
						<urn:AdrLine>Debtor Postal Address Line 2</urn:AdrLine>
						<urn:Ctry>GB</urn:Ctry>
					</urn:PstlAdr>
				</urn:Dbtr>
				<urn:DbtrAcct>
					<urn:Id>
						<urn:IBAN>{7}</urn:IBAN>
					</urn:Id>
				</urn:DbtrAcct>
				<urn:DbtrAgt>
					<urn:FinInstnId>
						<urn:BIC>TRIONL2U</urn:BIC>
					</urn:FinInstnId>
				</urn:DbtrAgt>
				<urn:Purp>
					<urn:Prtry>Purpose Choice Proprietary</urn:Prtry>
				</urn:Purp>
				<urn:RmtInf>
					<urn:Ustrd>RmtInf Unstructured</urn:Ustrd>
				</urn:RmtInf>
				<urn:UsrDfndFlds>
					<urn:UsrDfndFld>
						<urn:name>PseudoMessageType</urn:name>
						<urn:value>SettlementConfirmed</urn:value>
					</urn:UsrDfndFld>
				</urn:UsrDfndFlds>
				<urn:MPMEvnt>
					<urn:name>DIRECT_DEBIT_RECEIVED</urn:name>
					<urn:description>Direct Debit is received.</urn:description>
					<urn:source>SYSTEM</urn:source>
				</urn:MPMEvnt>
			</urn:DrctDbtTxInf>
		</urn:pacs.003.001.01>
	</urn:Document>
</MeridianMessage>